<?xml version="1.0" encoding="utf-8"?>
<record xmlns="http://www.loc.gov/MARC21/slim" xmlns:xsi="http://www.w3.org/2001/XMLSchema-instance" xsi:schemaLocation="http://www.loc.gov/MARC21/slim http://www.loc.gov/standards/marcxml/schema/MARC21slim.xsd">
	<leader>     nam a22     Mi 4500</leader>
	<controlfield tag="001">193115</controlfield>
	<controlfield tag="003">NjP</controlfield>
	<controlfield tag="006">m        d        </controlfield>
	<controlfield tag="007">cr cn |||m|||a</controlfield>
	<controlfield tag="008">210331m19789999ir      o     000 0 ara d</controlfield>
	<datafield ind1=" " ind2=" " tag="040">
		<subfield code="a">ZYU</subfield>
		<subfield code="b">ara</subfield>
		<subfield code="e">rda</subfield>
		<subfield code="c">ZYU</subfield>
	</datafield>
	<datafield ind1="1" ind2=" " tag="100">
		<subfield code="6">880-01</subfield>
		<subfield code="a">Ilyāsī, ʻAbd Allāh.</subfield>
	</datafield>
	<datafield ind1="1" ind2="0" tag="240">
		<subfield code="6">880-02</subfield>
		<subfield code="a">Bayān al-maṭālib fī sharḥ al-Makāsib</subfield>
	</datafield>
	<datafield ind1="1" ind2="3" tag="245">
		<subfield code="6">880-03</subfield>
		<subfield code="a">al-Mujallad al-awwal[-al-ʻāshir] min Kitāb bayān al-maṭālib fī sharḥ al-Makāsib /</subfield>
		<subfield code="c">li-muʼallifihi ʻAbd Allāh Ilyāsī ; bi-khaṭṭ ʻAbd al-Raḥīm Afshār al-Zanjānī.</subfield>
	</datafield>
	<datafield ind1=" " ind2=" " tag="260">
		<subfield code="6">880-04</subfield>
		<subfield code="a">Qum, Īrān :</subfield>
		<subfield code="b">Maktabat al-Muṣṭafawī,</subfield>
		<subfield code="c">1398- [1978]-</subfield>
	</datafield>
	<datafield ind1=" " ind2=" " tag="300">
		<subfield code="a">online resource (volumes)</subfield>
	</datafield>
	<datafield ind1=" " ind2=" " tag="336">
		<subfield code="a">text</subfield>
		<subfield code="2">rdacontent</subfield>
	</datafield>
	<datafield ind1=" " ind2=" " tag="337">
		<subfield code="a">computer</subfield>
		<subfield code="2">rdamedia</subfield>
	</datafield>
	<datafield ind1=" " ind2=" " tag="338">
		<subfield code="a">online resource</subfield>
		<subfield code="2">rdacarrier</subfield>
	</datafield>
	<datafield ind1=" " ind2=" " tag="500">
		<subfield code="a">Part of the Arabic Collections Online (ACO) project, contributed by Princeton University Libraries.</subfield>
	</datafield>
	<datafield ind1=" " ind2=" " tag="533">
		<subfield code="a">Electronic reproduction.</subfield>
		<subfield code="b">New York, N.Y. :</subfield>
		<subfield code="c">New York University,</subfield>
		<subfield code="d">2021.</subfield>
		<subfield code="5">NNU</subfield>
	</datafield>
	<datafield ind1="1" ind2="0" tag="600">
		<subfield code="a">Anṣārī, Murtaḍá ibn Muḥammad Amīn,</subfield>
		<subfield code="d">1799 or 1800-1864.</subfield>
		<subfield code="t">Makāsib.</subfield>
	</datafield>
	<datafield ind1="0" ind2="7" tag="630">
		<subfield code="a">Makāsib (Anṣārī, Murtaḍá ibn Muḥammad Amīn)</subfield>
		<subfield code="2">fast</subfield>
		<subfield code="0">(OCoLC)fst01371633</subfield>
	</datafield>
	<datafield ind1=" " ind2="0" tag="650">
		<subfield code="a">Profit</subfield>
		<subfield code="x">Religious aspects</subfield>
		<subfield code="x">Islam.</subfield>
	</datafield>
	<datafield ind1=" " ind2="0" tag="650">
		<subfield code="a">Commercial law (Islamic law)</subfield>
	</datafield>
	<datafield ind1=" " ind2="7" tag="650">
		<subfield code="a">Commercial law (Islamic law)</subfield>
		<subfield code="2">fast</subfield>
		<subfield code="0">(OCoLC)fst00869534</subfield>
	</datafield>
	<datafield ind1="1" ind2="2" tag="700">
		<subfield code="6">880-05</subfield>
		<subfield code="a">Anṣārī, Murtaḍá ibn Muḥammad Amīn,</subfield>
		<subfield code="d">1799 or 1800-1864.</subfield>
		<subfield code="t">Makāsib.</subfield>
	</datafield>
	<datafield ind1="2" ind2=" " tag="710">
		<subfield code="a">Princeton University.</subfield>
		<subfield code="b">Library.</subfield>
	</datafield>
	<datafield ind1="0" ind2=" " tag="730">
		<subfield code="a">Arabic Collections Online.</subfield>
	</datafield>
	<datafield ind1="0" ind2=" " tag="740">
		<subfield code="6">880-06</subfield>
		<subfield code="a">Bayān al-maṭālib fī sharḥ al-Makāsib.</subfield>
	</datafield>
	<datafield ind1="0" ind2=" " tag="740">
		<subfield code="6">880-07</subfield>
		<subfield code="a">Kitāb bayān al-maṭālib fī sharḥ al-Makāsib.</subfield>
	</datafield>
	<datafield ind1="0" ind2="8" tag="776">
		<subfield code="i">Print version:</subfield>
		<subfield code="a">Ilyāsī, ʻAbd Allāh.</subfield>
		<subfield code="t">al-Mujallad al-awwal[-al-ʻāshir] min Kitāb bayān al-maṭālib fī sharḥ al-Makāsib</subfield>
		<subfield code="w">(NjP)193115</subfield>
		<subfield code="w">(OCoLC)80636800</subfield>
	</datafield>
	<datafield ind1="4" ind2="0" tag="856">
		<subfield code="u">http://hdl.handle.net/2333.1/6q573zc3</subfield>
	</datafield>
	<datafield ind1="1" ind2=" " tag="880">
		<subfield code="6">100-01</subfield>
		<subfield code="a">الياسي، عبد الله.</subfield>
	</datafield>
	<datafield ind1="1" ind2="0" tag="880">
		<subfield code="6">240-02</subfield>
		<subfield code="a">بيان المطالب في شرح المكاسب</subfield>
	</datafield>
	<datafield ind1="1" ind2="2" tag="880">
		<subfield code="6">245-03</subfield>
		<subfield code="a">المجلد الاول[العاشر] من كتاب بيان المطالب في شرح المكاسب /</subfield>
		<subfield code="c">لمؤلفه عبد الله الياسي ؛ بخط عبد الرحيم افشار الزنجاني.</subfield>
	</datafield>
	<datafield ind1=" " ind2=" " tag="880">
		<subfield code="6">260-04</subfield>
		<subfield code="a">قم، ايران :</subfield>
		<subfield code="b">مكتبة المصطفوي،</subfield>
		<subfield code="c">1398- [1978]-</subfield>
	</datafield>
	<datafield ind1="1" ind2="2" tag="880">
		<subfield code="6">700-05</subfield>
		<subfield code="a">انصاري، مرتضى بن محمد امين،</subfield>
		<subfield code="d">1799 or 1800-1864.</subfield>
		<subfield code="t">مكاسب.</subfield>
	</datafield>
	<datafield ind1="0" ind2=" " tag="880">
		<subfield code="6">740-06</subfield>
		<subfield code="a">بيان المطالب في شرح المكاسب.</subfield>
	</datafield>
	<datafield ind1="0" ind2=" " tag="880">
		<subfield code="6">740-07</subfield>
		<subfield code="a">كتاب بيان المطالب في شرح المكاسب.</subfield>
	</datafield>
	<datafield ind1=" " ind2=" " tag="959">
		<subfield code="a">NNU</subfield>
		<subfield code="b">WEB</subfield>
		<subfield code="c">GENI</subfield>
		<subfield code="t">0</subfield>
		<subfield code="m">Electronic access</subfield>
		<subfield code="s">01</subfield>
	</datafield>
	<datafield ind1=" " ind2=" " tag="999">
		<subfield code="i">NjP_193115</subfield>
		<subfield code="o">(OCoLC)ocm80636800</subfield>
		<subfield code="s">princeton_aco004102:mujallad 7</subfield>
		<subfield code="s">princeton_aco004204:mujallad 1</subfield>
		<subfield code="s">princeton_aco004191:mujallad 2</subfield>
		<subfield code="s">princeton_aco004199:mujallad 3</subfield>
		<subfield code="s">princeton_aco004201:mujallad 4</subfield>
		<subfield code="s">princeton_aco004190:mujallad 5</subfield>
		<subfield code="s">princeton_aco004202:mujallad 6</subfield>
		<subfield code="s">princeton_aco004189:mujallad 8</subfield>
		<subfield code="s">princeton_aco004188:mujallad 9</subfield>
		<subfield code="s">princeton_aco004203:mujallad 10</subfield>
		<subfield code="e">(ERROR-MISC)</subfield>
		<subfield code="s">princeton_aco004102:mujallad 7</subfield>
		<subfield code="s">princeton_aco004204:mujallad 1</subfield>
		<subfield code="s">princeton_aco004191:mujallad 2</subfield>
		<subfield code="s">princeton_aco004199:mujallad 3</subfield>
		<subfield code="s">princeton_aco004201:mujallad 4</subfield>
		<subfield code="s">princeton_aco004190:mujallad 5</subfield>
		<subfield code="s">princeton_aco004202:mujallad 6</subfield>
		<subfield code="s">princeton_aco004189:mujallad 8</subfield>
		<subfield code="s">princeton_aco004188:mujallad 9</subfield>
		<subfield code="s">princeton_aco004203:mujallad 10</subfield>
	</datafield>
</record>
